
@misc{project_overview:IR_datasheet,
  title         = "{GP2Y0A21YK0F Distance Measuring Sensor Unit} Data Sheet",
  organization  = "Sharp",
}

@misc{project_overview:servo_datasheet,
  title         = "{Servo Motor SG90} Data Sheet",
  organization  = "Tower Pro",
}

@misc{project_overview:uln2003_datasheet,
  title         = "{ULN2003 High-Voltage, High-Current Darlington Transistor Array} Data Sheet",
  organization  = "Texas Instruments",
  date          = "2016",
}

@misc{project_overview:servo_tutorial,
  title         = "{(TUT) ATMEGA328PB, 16-bit timer, servo, FastPWN, HXT900}",
  organization  = "avrfreak.com",
}

